@book{costello:fune,
	author	= {Costello, George A.},
	title		= {Theory of wire rope},
	publisher	= {Springer},
	date		= {1997},
	edition 	= {2},
	location 	= {New York},
}

@book{cyrus:ponte,
	title =     {King of the Empty Plain: The Tibetan Iron-Bridge Builder Tangtong Gyalpo},
	author =    {Stearns, Cyrus},
	publisher = {Snow Lion Publications},
	year =      {2007},
}

@thesis{landrini:storia,
	author	= {Quagliarolo, Manuel},
	title		= {Storia della scienza delle costruzioni: evoluzione storica dei sistemi funi},
	institution	= {Politecnico di Milano},
	month 		= {12},
	date		= {2010},
	location	= {Milano},
	edition 	= {2},
	type 		= {Tesi}
}

@book{gimsing:cable,
	title =     {Cable Supported Bridges: Concept and Design },
	author =    {Gimsing, Niels J. and Georgakis, Christos T.},
	publisher = {Wiley},
	year =      {2012},
	edition =   {3},
}

@online{sito:ravaniacciai,
	title =		{Ravani Acciai},
	url =		{http://www.ravaniacciai.it/glossario/glossary_it_192.aspx},
	urldate = 	{2018-11-23},
	label = 	{sito:ravani_acciai},
}

@manual{sito:hanes,
	title =		{Wire Rope 101},
	author =	{Hanes Supply},
}

@online{sito:assembly,
	title =		{Assembly Speciality Products},
	url =		{https://www.assemblyspecialty.com},
	urldate =	{2018-11-30},
	label =		{sito:assembly},
}

@thesis{mirandola:funi,
	author	= {Mirandola, Andrea},
	title		= {La teoria dei fili ideali: introduzione e impiego dei cavi nelle strutture civili},
	institution	= {Università degli Studi di Trento},
	date		= {2016-2017},
	type 		= {Tesi}
}

@thesis{siboni:funi,
	author = {Siboni, Stefano},
	title = {Fili e loro equilibrio - Dispense per il corso di Meccanica Razionale 2},
	institution = {Università degli Studi di Trento}
}